@article{smart_grid_review,
  title={Smart grid: A survey},
  author={Fang, Xi and Misra, Satyajayant and Xue, Guoliang and Yang, Dejun},
  journal={IEEE Communications Surveys \& Tutorials},
  volume={14},
  number={4},
  pages={944--980},
  year={2012},
  publisher={IEEE}
}

@article{demand_response_survey,
  title={A survey of demand response in smart grids},
  author={Siano, Pierluigi},
  journal={IEEE Transactions on Industrial Informatics},
  volume={10},
  number={1},
  pages={470--483},
  year={2014},
  publisher={IEEE}
}

@article{weather_normalization_energy,
  title={Weather normalization of energy consumption data},
  author={Kissock, Kelly and Haberl, Jeff and Claridge, David},
  journal={ASHRAE Transactions},
  volume={108},
  number={2},
  pages={1--12},
  year={2002}
}

@article{kmeans_clustering,
  title={Some methods for classification and analysis of multivariate observations},
  author={MacQueen, James},
  journal={Proceedings of the Fifth Berkeley Symposium on Mathematical Statistics and Probability},
  volume={1},
  number={14},
  pages={281--297},
  year={1967}
}

@article{spectral_clustering,
  title={On spectral clustering: Analysis and an algorithm},
  author={Ng, Andrew Y and Jordan, Michael I and Weiss, Yair},
  journal={Advances in Neural Information Processing Systems},
  volume={2},
  pages={849--856},
  year={2002}
}

@article{deep_embedding_clustering_xie,
  title={Unsupervised deep embedding for clustering analysis},
  author={Xie, Junyuan and Girshick, Ross and Farhadi, Ali},
  journal={International Conference on Machine Learning},
  pages={478--487},
  year={2016}
}

@article{multi_modal_deep_learning_survey,
  title={Multimodal machine learning: A survey and taxonomy},
  author={Baltrusaitis, Tadas and Ahuja, Chaitanya and Morency, Louis-Philippe},
  journal={IEEE Transactions on Pattern Analysis and Machine Intelligence},
  volume={41},
  number={2},
  pages={423--443},
  year={2019},
  publisher={IEEE}
}

@book{pearl2009causality,
  title={Causality},
  author={Pearl, Judea},
  year={2009},
  publisher={Cambridge University Press}
}

@article{causal_representation_learning,
  title={Causal representation learning},
  author={Schölkopf, Bernhard and Locatello, Francesco and Bauer, Stefan and Ke, Nan Rosemary and Kalchbrenner, Nal and Goyal, Anirudh and Bengio, Yoshua},
  journal={arXiv preprint arXiv:2106.15646},
  year={2021}
}

@article{scholkopf2021toward,
  title={Toward causal representation learning},
  author={Schölkopf, Bernhard and Locatello, Francesco and Bauer, Stefan and Ke, Nan Rosemary and Kalchbrenner, Nal and Goyal, Anirudh and Bengio, Yoshua},
  journal={Proceedings of the IEEE},
  volume={109},
  number={5},
  pages={612--634},
  year={2021},
  publisher={IEEE}
}

@article{hyvarinen2000independent,
  title={Independent component analysis: algorithms and applications},
  author={Hyvärinen, Aapo and Oja, Erkki},
  journal={Neural Networks},
  volume={13},
  number={4-5},
  pages={411--430},
  year={2000},
  publisher={Elsevier}
}

@article{energy_forecasting_survey,
  title={Energy forecasting: A review and outlook},
  author={Hong, Tao and Fan, Shu},
  journal={IEEE Open Journal of Power Electronics},
  volume={1},
  pages={167--179},
  year={2020},
  publisher={IEEE}
}

@article{adversarial_independence,
  title={Adversarial feature learning},
  author={Donahue, Jeff and Krähenbühl, Philipp and Darrell, Trevor},
  journal={arXiv preprint arXiv:1605.09782},
  year={2016}
}

@article{belghazi2018mine,
  title={Mine: mutual information neural estimation},
  author={Belghazi, Mohamed Ishmael and Baratin, Aristide and Rajeshwar, Sai and Ozair, Sherjil and Bengio, Yoshua and Courville, Aaron and Hjelm, R Devon},
  journal={arXiv preprint arXiv:1801.04062},
  year={2018}
}

@article{szekely2007measuring,
  title={Measuring and testing dependence by correlation of distances},
  author={Székely, Gábor J and Rizzo, Maria L and Bakirov, Nail K},
  journal={The Annals of Statistics},
  volume={35},
  number={6},
  pages={2769--2794},
  year={2007},
  publisher={Institute of Mathematical Statistics}
}

@article{autoencoder_representation_learning,
  title={Representation learning: A review and new perspectives},
  author={Bengio, Yoshua and Courville, Aaron and Vincent, Pascal},
  journal={IEEE Transactions on Pattern Analysis and Machine Intelligence},
  volume={35},
  number={8},
  pages={1798--1828},
  year={2013},
  publisher={IEEE}
}

@article{beta_vae,
  title={β-vae: Learning basic visual concepts with a constrained variational framework},
  author={Higgins, Irina and Matthey, Loic and Pal, Arka and Burgess, Christopher and Glorot, Xavier and Botvinick, Matthew and Mohamed, Shakir and Lerchner, Alexander},
  journal={International Conference on Learning Representations},
  year={2017}
}

@article{factor_vae,
  title={Disentangling by factorising},
  author={Kim, Hyunjik and Mnih, Andriy},
  journal={International Conference on Machine Learning},
  pages={2649--2658},
  year={2018}
}

@article{disentangled_survey,
  title={A survey on disentangled representation learning},
  author={Locatello, Francesco and Bauer, Stefan and Lucic, Mario and Raetsch, Gunnar and Gelly, Sylvain and Schölkopf, Bernhard and Bachem, Olivier},
  journal={arXiv preprint arXiv:1811.12359},
  year={2018}
}

@article{causal_discovery_recent,
  title={Causal discovery in machine learning: Theories and applications},
  author={Glymour, Clark and Zhang, Kun and Spirtes, Peter},
  journal={Journal of Machine Learning Research},
  volume={20},
  number={123},
  pages={1--62},
  year={2019}
}

@article{deep_causal_learning,
  title={Deep causal learning: Representation, discovery and inference},
  author={Zhang, Kun and Gong, Mingming and Stojanov, Petar and Huang, Biwei and Liu, Qiang and Glymour, Clark},
  journal={arXiv preprint arXiv:2102.02731},
  year={2021}
}

@article{weather_energy_recent,
  title={Weather-aware energy forecasting: A comprehensive review},
  author={Wang, Yuxuan and Chen, Qing and Kang, Chongqing and Xia, Qing},
  journal={IEEE Transactions on Smart Grid},
  volume={12},
  number={4},
  pages={3456--3470},
  year={2021},
  publisher={IEEE}
}

@article{multi_modal_causal,
  title={Causal inference in multi-modal data: A survey},
  author={Li, Sheng and Zhao, Yue and Veltri, Giuseppe and Pagani, Giuliano Andrea and Li, Meng and Garibaldi, Jonathan M and Reps, Jenna M and Athey, Susan and Shpitser, Ilya and Gkoulalas-Divanis, Aris},
  journal={arXiv preprint arXiv:2203.03956},
  year={2022}
} 